<?xml version="1.0" encoding="UTF-8"?><collection xmlns="http://www.loc.gov/MARC21/slim"><record><leader>00630nam--2200193-i-4500</leader><controlfield tag="001">000043904</controlfield><controlfield tag="002">20161230</controlfield><controlfield tag="005">20161230201044</controlfield><controlfield tag="008">060222s1000------------r-----000-0-rum-d</controlfield><datafield ind1=" " ind2=" " tag="040"><subfield code="a">IFIN-HH</subfield></datafield><datafield ind1=" " ind2=" " tag="041"><subfield code="a">rum</subfield></datafield><datafield ind1=" " ind2=" " tag="080"><subfield code="a">539.172.5:539.12.162.7(043)</subfield></datafield><datafield ind1="1" ind2=" " tag="100"><subfield code="a">Teleman, Mihaela</subfield></datafield><datafield ind1="1" ind2="0" tag="245"><subfield code="a">Asupra ponderilor statistice pentru interactiunilep, k p cu luarea in considerare a simetriei la grupul su(3)</subfield><subfield code="b">Teza</subfield><subfield code="c">Mihaela teleman</subfield></datafield><datafield ind1=" " ind2=" " tag="260"><subfield code="a">Bucuresti</subfield><subfield code="b">Facultatea De Fizica</subfield><subfield code="c">1971</subfield></datafield><datafield ind1=" " ind2=" " tag="300"><subfield code="a">71P</subfield></datafield><datafield ind1=" " ind2=" " tag="502"><subfield code="a">Conducator Stiintific: Acad.Prof.Dr.Docent Horia Hulbei</subfield></datafield><datafield ind1=" " ind2=" " tag="852"><subfield code="a">44496</subfield><subfield code="c">H.H</subfield></datafield><datafield ind1=" " ind2=" " tag="CAT"><subfield code="a">Sys</subfield><subfield code="c">20130409</subfield><subfield code="h">170633</subfield></datafield></record></collection>